@Book{quarteroni2015reduced,
  author    = {Quarteroni, Alfio and Manzoni, Andrea and Negri, Federico},
  publisher = {Springer},
  title     = {{R}educed {B}asis {M}ethods for {P}artial {D}ifferential {E}quations: {A}n {I}ntroduction},
  year      = {2015},
  isbn      = {9783319154312},
  lccn      = {2015930287},
}

@Article{peherstorfer2016data,
  author    = {Peherstorfer, Benjamin and Willcox, Karen},
  journal   = {Computer Methods in Applied Mechanics and Engineering},
  title     = {{D}ata-driven {O}perator {I}nference for {N}onintrusive {P}rojection {B}ased {M}odel {R}eduction},
  year      = {2016},
  pages     = {196--215},
  volume    = {306},
  doi       = {https://doi.org/10.1016/j.cma.2016.03.025},
  publisher = {Elsevier},
}

@Article{ghattas2021learning,
  author    = {Ghattas, Omar and Willcox, Karen},
  journal   = {Acta Numerica},
  title     = {{L}earning {P}hysics - {B}ased {M}odels from {D}ata: {P}erspectives from {I}nverse {P}roblems and {M}odel {R}eduction},
  year      = {2021},
  pages     = {445--554},
  volume    = {30},
  doi       = {https://doi.org/10.1017/S0962492921000064},
  publisher = {Cambridge University Press},
}

@Article{GUO2022115336,
  author  = {Mengwu Guo and Shane A. McQuarrie and Karen E. Willcox},
  journal = {Computer Methods in Applied Mechanics and Engineering},
  title   = {{B}ayesian {O}perator {I}nference for {D}ata-{D}riven {R}educed-{O}rder {M}odeling},
  year    = {2022},
  issn    = {0045-7825},
  note    = {A Special Issue in Honor of the Lifetime Achievements of J. Tinsley Oden},
  pages   = {115336},
  volume  = {402},
  doi     = {https://doi.org/10.1016/j.cma.2022.115336},
}

@Article{chen2018neural,
  author  = {Chen, Ricky T. Q. and Rubanova, Yulia and Bettencourt, Jesse and Duvenaud, David},
  journal = {Advances in Neural Information Processing Systems},
  title   = {{N}eural {O}rdinary {D}ifferential {E}quations},
  year    = {2018},
  volume  = {31},
  doi     = {https://doi.org/10.48550/arXiv.1806.07366},
}

@InCollection{Antil2018,
  author    = {Harbir Antil and Dmitriy Leykekhman},
  booktitle = {Frontiers in PDE-Constrained Optimization},
  publisher = {Springer},
  title     = {{A} {B}rief {I}ntroduction to {PDE-C}onstrained {O}ptimization},
  year      = {2018},
  pages     = {3--40},
  doi       = {https://doi.org/10.1007/978-1-4939-8636-1_1},
}

@misc{bradley2013pde,
  author      = {Andrew M. Bradley},
  institution = {Technical Report. Stanford University},
  title       = {{PDE-C}onstrained {O}ptimization and the {A}djoint {M}ethod},
  year        = {2013},
  howpublished = "\url{https://cs.stanford.edu/~ambrad/adjoint_tutorial.pdf}",
  note        = "[Online; accessed 20-January-2025]"
}

@Comment{jabref-meta: databaseType:bibtex;}
